% http://www.bibtex.org/Using/
% http://osl.ugr.es/CTAN/biblio/bibtex/base/btxdoc.pdf

@conference{oct-bib,
  author =       {Gutiérrez Díaz, Esperanza},
  title =        {Avances en la exploración de la retina: OCT: Qué es
                  y para qué sirve},
  booktitle =    {Curso de retina},
  year =         {2014},
  month =        {Septiembre}
}

@book{opencv_book-bib,
  title={Learning OpenCV: Computer Vision with the OpenCV Library},
  author={Bradski, G. and Kaehler, A.},
  isbn={9780596554040},
  url={https://books.google.es/books?id=seAgiOfu2EIC},
  year={2008},
  publisher={O'Reilly Media}
}

@misc{opencv_tutorial-bib,
  author =       {Mordvintsev, Alexander and K{,} Abid},
  title =        {OpenCV-Python Tutorials’s documentation},
  url =
                  {https://opencv-python-tutroals.readthedocs.org/en/latest/},
  month =        {Octubre},
  year =         {2014}
}

@misc{opencv_api-bib,
  author =       {OpenCV, Developers Team},
  title =        {OpenCV-Python Tutorials’s documentation},
  url =          {http://docs.opencv.org/modules/refman.html},
  month =        {Febrero},
  year =         {2015}
}

@inproceedings{orb-bib,
 author = {Rublee, Ethan and Rabaud, Vincent and Konolige, Kurt and Bradski, Gary},
 title = {ORB: An Efficient Alternative to SIFT or SURF},
 booktitle = {Proceedings of the 2011 International Conference on Computer Vision},
 series = {ICCV '11},
 year = {2011},
 isbn = {978-1-4577-1101-5},
 pages = {2564--2571},
 numpages = {8},
 url = {http://dx.doi.org/10.1109/ICCV.2011.6126544},
 doi = {10.1109/ICCV.2011.6126544},
 acmid = {2356268},
 publisher = {IEEE Computer Society},
 address = {Washington, DC, USA},
}

@book{szeliski2010computer,
  title={Computer Vision: Algorithms and Applications},
  author={Szeliski, R.},
  isbn={9781848829350},
  lccn={2010936817},
  series={Texts in Computer Science},
  url={https://books.google.es/books?id=bXzAlkODwa8C},
  year={2010},
  publisher={Springer}
}