@Book{oreilly,
   author =      "Gary Bradski and Adrian Kaehler",
   title =       "Learning OpenCV",
   publisher =   "O'Reilly",
   year =        2008,
 }

@MISC {fits,
    title        = "FITS",
    howpublished = "http://fits.gsfc.nasa.gov"
}

@MISC {astropy,
    title        = "Astropy",
    howpublished = "http://www.astropy.org"
}
@MISC {opencv,
    title        = "OpenCV",
    howpublished = "http://opencv.org"
}


@MISC {numpy,
    title        = "NumPy",
    howpublished = "http://www.numpy.org"
}


@MISC {imshow,
    title        = "Método imshow",
    howpublished = {\url{http://docs.opencv.org/2.4/modules/highgui/doc/user_interface.html\#imshow}},
}

@MISC {filter2d,
    title        = "Método filter2d para la creación de filtros",
    howpublished = {\url{http://docs.opencv.org/2.4/modules/imgproc/doc/filtering.html\#filter2d}},
}
@MISC {threshold,
    title        = "Método threshold",
    howpublished = {\url{http://docs.opencv.org/2.4/modules/imgproc/doc/miscellaneous_transformations.html?highlight=threshold\#threshold}},
}
@MISC {findcontours,
    title        = "Método findcontours",
    howpublished = {\url{http://docs.opencv.org/2.4/modules/imgproc/doc/structural_analysis_and_shape_descriptors.html?highlight=findcontours\#findcontours}},
}
@MISC {boundingrect,
    title        = "Método boundingRect",
    howpublished = {\url{http://docs.opencv.org/2.4/modules/imgproc/doc/structural_analysis_and_shape_descriptors.html?highlight=findcontours\#boundingrect}},
}

@MISC {morphologyEx,
    title        = "Método morphologyEx",
    howpublished = {\url{http://docs.opencv.org/2.4/modules/imgproc/doc/filtering.html?highlight=morphologyex\#morphologyex}},
}

@ARTICLE {otsu,
    author  = "Nobuyuki Otsu",
    title   = "A threshold selection method from gray-level histograms",
    journal = "IEEE Trans. Sys., Man., Cyber",
    year    = "1979",
    volume  = "9",
    number  = "1",
    pages   = "62-66",
    month   = "jan"
}

@ARTICLE {jbraz,
    author  = "A. Jandir and U. Mendoça and E. Costa",
    title   = "A Mathematical Morphology Approach to the Star/Galaxy Characterization",
    journal = "Journal of the Brazilian Computer Society",
    year    = "1997",
    volume  = "3",
    number  = "3",
    month   = "apr"
}

@ARTICLE {liu,
    author  = "Zhi-Yong Liu and  Kai-Chun Chiu and Lei Xu",
    title   = "Improved system for object detection and star/galaxy classification via local subspace analysis",
    journal = "Neural Network Analysis of Complex Scientific Data: Astronomy and Geosciences",
    year    = "2003",
    volume  = "16",
    pages   = "437-451",
    month   = "apr"
}
@ARTICLE {luc,
    author  = "Simard, Luc and Willmer, Christopher N. A and others",
    title   = "The DEEP Groth Strip Survey. II. Hubble Space Telescope Structural Parameters of Galaxies in the Groth Strip",
    journal = "The Astrophysical Journal Supplement Series",
    year    = "2002",
    volume  = "142",
    pages   = "1-33",
    month   = "sep"
}
@UNPUBLISHED {devendra,
    author   = "Devendra Singh Dhami",
    title    = "MORPHOLOGICAL CLASSIFICATION OF GALAXIES INTO SPIRALS AND NON -SPIRALS",
    note     = "Accepted by the Graduate Faculty, Indiana University, in partial fulfillment of the requirements for the degree of Master of Sciences. {\url{http://homes.soic.indiana.edu/ddhami/Master\%20Thesis.pdf}}",
    month    = "may",
    year     = "2015"
}
@TECHREPORT {achgill,
    author      = "Christian Achgill and Devendra Singh and Tasneem Alowaiseq",
    title       = "Extraction of Morphological features of Galaxies using Computer Vision Methods",
    institution = "Indiana University",
    year        = "2015"
}

@ONLINE {path,
    title = "The Photon's Path from stars to the telescope. {\url{http://slittlefair.staff.shef.ac.uk/teaching/phy217/lectures/principles/L01/index.html}}"
}

@ONLINE {telescopes,
    title = "Telescopes and spectrographs. {\url{http://www.open.edu/openlearn/science-maths-technology/science/telescopes-and-spectrographs/content-section-1.5.5#fig001-011}}",
    year  = "2016"
}
